% This file was created with Citavi 6.7.0.0

@book{Domininghaus.1998,
 author = {Domininghaus, Hans},
 year = {1998},
 title = {{Die Kunststoffe und ihre Eigenschaften}},
 publisher = {{Springer Berlin Heidelberg}},
 isbn = {978-3-662-06664-5},
 location = {Berlin, Heidelberg},
 abstract = {},
 doi = {10.1007/978-3-662-06663-8},
 file = {1998_Book_Domininghaus_DieKunststoffeUndIhreEigenscha:C\:\\Users\\Hunter\\Documents\\Citavi 6\\Projects\\synthi\\Citavi Attachments\\1998_Book_Domininghaus_DieKunststoffeUndIhreEigenscha.pdf:pdf}
}


@online{en.Wikipedia.2020.ABS,
 editor = {Wikipedia},
 year = {2020},
 title = {{Acrylonitrile butadiene styrene}},
 url = {https://en.wikipedia.org/w/index.php?title=Acrylonitrile_butadiene_styrene&oldid=994516744},
 urldate = {2021-01-02},
 abstract = {Acrylonitrile butadiene styrene (ABS) (chemical formula (C8H8)x·​(C4H6)y·​(C3H3N)z) is a common thermoplastic polymer. Its glass transition temperature is approximately 105 °C (221 °F). ABS is amorphous and therefore has no true melting point.

ABS is a terpolymer made by polymerizing styrene and acrylonitrile in the presence of polybutadiene. The proportions can vary from 15{\%} to 35{\%} acrylonitrile, 5{\%} to 30{\%} butadiene and 40{\%} to 60{\%} styrene. The result is a long chain of polybutadiene criss-crossed with shorter chains of poly(styrene-co-acrylonitrile). The nitrile groups from neighboring chains, being polar, attract each other and bind the chains together, making ABS stronger than pure polystyrene. The styrene gives the plastic a shiny, impervious surface. The polybutadiene, a rubbery substance, provides toughness even at low temperatures. For the majority of applications, ABS can be used between $-$20 and 80 °C ($-$4 and 176 °F), as its mechanical properties vary with temperature. The properties are created by rubber toughening, where fine particles of elastomer are distributed throughout the rigid matrix.},
 file = {Wikipedia (Hg.) 2020 - Acrylonitrile butadiene styrene:C\:\\Users\\Hunter\\Documents\\Citavi 6\\Projects\\synthi\\Citavi Attachments\\Wikipedia (Hg.) 2020 - Acrylonitrile butadiene styrene.pdf:pdf},
 note = {Creative Commons Attribution-ShareAlike License

Page Version ID: 994516744},
 language = {en}
}


@book{Eyerer.2020,
 author = {Eyerer, Peter and Sch{\"u}le, Helmut},
 year = {2020},
 title = {{Polymer Engineering 1}},
 publisher = {{Springer Berlin Heidelberg}},
 isbn = {978-3-662-59836-8},
 location = {Berlin, Heidelberg},
 abstract = {},
 doi = {10.1007/978-3-662-59837-5},
 file = {2020_Book_Eyerer_PolymerEngineering1:C\:\\Users\\Hunter\\Documents\\Citavi 6\\Projects\\synthi\\Citavi Attachments\\2020_Book_Eyerer_PolymerEngineering1.pdf:pdf}
}


@online{Wikipedia.2020.ABS,
 editor = {Wikipedia},
 year = {2020},
 title = {{Acrylnitril-Butadien-Styrol-Copolymer}},
 url = {https://de.wikipedia.org/w/index.php?title=Acrylnitril-Butadien-Styrol-Copolymer&oldid=199770344},
 urldate = {2021-01-02},
 abstract = {Acrylnitril-Butadien-Styrol-Copolymere (Kurzzeichen ABS) sind thermoplastische Terpolymere, bei denen an eine Polybutadien-basierte Hauptkette kovalent Seitenketten aus Styrol-Acrylnitril-Copolymer (SAN) angebunden sind. Da die beiden Komponenten nicht ineinander l{\"o}slich sind, tritt eine Mikrophasenseparation auf, die durch die eingelagerten, weichen Polybutadienpartikel in der kontinuierlichen, spr{\"o}den SAN-Hauptphase die Schlagz{\"a}higkeit des Materials erh{\"o}ht.

Die Mengenverh{\"a}ltnisse der eingesetzten Monomere variieren im Bereich von 5--30 {\%} Butadien, sowie 15--35 {\%} Acrylnitril  und 40--60 {\%} Styrol.},
 file = {Wikipedia (Hg.) 2020 - Acrylnitril-Butadien-Styrol-Copolymer:C\:\\Users\\Hunter\\Documents\\Citavi 6\\Projects\\synthi\\Citavi Attachments\\Wikipedia (Hg.) 2020 - Acrylnitril-Butadien-Styrol-Copolymer.pdf:pdf},
 note = {Creative Commons Attribution-ShareAlike License

Page Version ID: 199770344},
 language = {de}
}


